<?xml version="1.0" encoding="UTF-8"?><record xmlns="http://www.loc.gov/MARC21/slim" xmlns:cinclude="http://apache.org/cocoon/include/1.0" xmlns:zs="http://www.loc.gov/zing/srw/">
  <leader>00501cz  a2200145n  4500</leader>
  <controlfield tag="001">n  81148080 </controlfield>
  <controlfield tag="003">DLC</controlfield>
  <controlfield tag="005">20090118081252.0</controlfield>
  <controlfield tag="008">811228n| acannaabn          |a aaa      </controlfield>
  <datafield tag="010" ind1=" " ind2=" ">
    <subfield code="a">n  81148080 </subfield>
  </datafield>
  <datafield tag="035" ind1=" " ind2=" ">
    <subfield code="a">(OCoLC)oca00692842</subfield>
  </datafield>
  <datafield tag="040" ind1=" " ind2=" ">
    <subfield code="a">DLC</subfield>
    <subfield code="b">eng</subfield>
    <subfield code="c">DLC</subfield>
    <subfield code="d">OCoLC</subfield>
  </datafield>
  <datafield tag="100" ind1="0" ind2=" ">
    <subfield code="a">Kikassa Mwanalessa</subfield>
  </datafield>
  <datafield tag="400" ind1="1" ind2=" ">
    <subfield code="a">Mwanalessa, Kikassa</subfield>
  </datafield>
  <datafield tag="670" ind1=" " ind2=" ">
    <subfield code="a">Kabuya Kalala. Stabilisation économique et financière au Zaïre de 1978 à 1980, 1980 (a.e.)</subfield>
    <subfield code="b">t.p. (KIKASSA Mwanalessa) p. 7 (Directeur de "Zaïre-Afrique")</subfield>
  </datafield>
</record>